@book{aluffi2009algebra,
  title={Algebra: chapter 0},
  author={Aluffi, Paolo},
  volume={104},
  year={2009},
  publisher={American Mathematical Soc.}
}


